<?xml version="1.0" encoding="UTF-8"?><collection xmlns="http://www.loc.gov/MARC21/slim"><record><leader>00455nam--2200109-i-4500</leader><controlfield tag="001">000040849</controlfield><controlfield tag="002">20161230</controlfield><controlfield tag="005">20161230201042</controlfield><controlfield tag="008">060222s1000------------r-----000-0-eng-d</controlfield><datafield ind1=" " ind2=" " tag="245"><subfield code="a">Dlie schweisstechnik in dienste der chemischen industrie. vortrage der grossen schweisstechnischen tagung des deutschen verbanden fur schweisstechnik e v.in mannhein von 17 bis 20 juni 1958</subfield></datafield><datafield ind1=" " ind2=" " tag="260"><subfield code="a">Dusseldorf, Deutscher Verlag Fur Schweisstechnik, 1958. 124 P</subfield></datafield><datafield ind1=" " ind2=" " tag="852"><subfield code="a">15607</subfield></datafield></record></collection>